
% Narrow exchange
@article{drummond2002estimating,
  title={Estimating mutation parameters, population history and genealogy simultaneously from temporally spaced sequence data},
  author={Drummond, Alexei J and Nicholls, Geoff K and Rodrigo, Allen G and Solomon, Wiremu},
  journal={Genetics},
  volume={161},
  number={3},
  pages={1307--1320},
  year={2002},
  publisher={Genetics Soc America}
}



% Green ratio
@article{green1995reversible,
  title={Reversible jump Markov chain Monte Carlo computation and Bayesian model determination},
  author={Green, Peter J},
  journal={Biometrika},
  volume={82},
  number={4},
  pages={711--732},
  year={1995},
  publisher={Oxford University Press}
}

% MHG algorithm
@misc{geyer2003metropolis,
  title={The metropolis-hastings-green algorithm},
  author={Geyer, Charles J},
  year={2003},
  publisher={mimeo}
}



%Beast1
@article{suchard2018bayesian,
  title={Bayesian phylogenetic and phylodynamic data integration using BEAST 1.10},
  author={Suchard, Marc A and Lemey, Philippe and Baele, Guy and Ayres, Daniel L and Drummond, Alexei J and Rambaut, Andrew},
  journal={Virus evolution},
  volume={4},
  number={1},
  pages={vey016},
  year={2018},
  publisher={Oxford University Press}
}


% Chloesky
@article{lindstrom1988newton,
  title={Newtonâ€”Raphson and EM algorithms for linear mixed-effects models for repeated-measures data},
  author={Lindstrom, Mary J and Bates, Douglas M},
  journal={Journal of the American Statistical Association},
  volume={83},
  number={404},
  pages={1014--1022},
  year={1988},
  publisher={Taylor \& Francis}
}
@article{pourahmadi2007cholesky,
  title={Cholesky decompositions and estimation of a covariance matrix: orthogonality of variance--correlation parameters},
  author={Pourahmadi, Mohsen},
  journal={Biometrika},
  volume={94},
  number={4},
  pages={1006--1013},
  year={2007},
  publisher={Oxford University Press}
}





% HKY
@article{hasegawa1985dating,
  title={Dating of the human-ape splitting by a molecular clock of mitochondrial DNA},
  author={Hasegawa, Masami and Kishino, Hirohisa and Yano, Taka-aki},
  journal={Journal of molecular evolution},
  volume={22},
  number={2},
  pages={160--174},
  year={1985},
  publisher={Springer}
}


% AVMVN
@article{baele2017adaptive,
  title={Adaptive MCMC in Bayesian phylogenetics: an application to analyzing partitioned data in BEAST},
  author={Baele, Guy and Lemey, Philippe and Rambaut, Andrew and Suchard, Marc A},
  journal={Bioinformatics},
  volume={33},
  number={12},
  pages={1798--1805},
  year={2017},
  publisher={Oxford University Press}
}


% Guided tree proposals 2012
@article{hohna2012guided,
  title={Guided tree topology proposals for Bayesian phylogenetic inference},
  author={H{\"o}hna, Sebastian and Drummond, Alexei J},
  journal={Systematic biology},
  volume={61},
  number={1},
  pages={1--11},
  year={2012},
  publisher={Oxford University Press}
}


% Adaptive tree proposals 2019
@article{meyer2019adaptive,
  title={Adaptive Tree Proposals for Bayesian Phylogenetic Inference},
  author={Meyer, Xavier},
  journal={BioRxiv},
  pages={783597},
  year={2019},
  publisher={Cold Spring Harbor Laboratory}
}



@article{zhang2020improving,
  title={Improving the performance of Bayesian phylogenetic inference under relaxed clock models},
  author={Zhang, Rong and Drummond, Alexei},
  journal={BMC Evolutionary Biology},
  volume={20},
  pages={1--28},
  year={2020},
  publisher={Springer}
}


% Molecular clock
@article{zuckerkandl1962molecular,
  title={Molecular disease, evolution, and genetic heterogeneity},
  author={Zuckerkandl, Emile},
  journal={Horizons in biochemistry},
  pages={189--225},
  year={1962},
  publisher={Academic Press}
}


% heterogeneity in rate
@book{gillespie1994causes,
  title={The causes of molecular evolution},
  author={Gillespie, John H},
  volume={2},
  year={1994},
  publisher={Oxford University Press On Demand}
}


% rate as a function of Ne
@article{woolfit2009effective,
  title={Effective population size and the rate and pattern of nucleotide substitutions},
  author={Woolfit, Megan},
  journal={Biology letters},
  volume={5},
  number={3},
  pages={417--420},
  year={2009},
  publisher={The Royal Society London}
}




% Parsimony guiding 2019
@article{zhang2020using,
  title={Using parsimony-guided tree proposals to accelerate convergence in Bayesian phylogenetic inference},
  author={Zhang, Chi and Huelsenbeck, John P and Ronquist, Fredrik},
  journal={Systematic Biology},
  year={2020}
}



@article{larget1999markov,
  title={Markov chain Monte Carlo algorithms for the Bayesian analysis of phylogenetic trees},
  author={Larget, Bret and Simon, Donald L},
  journal={Molecular biology and evolution},
  volume={16},
  number={6},
  pages={750--759},
  year={1999},
  publisher={Chicago, Ill.: University of Chicago Press, c1983-}
}



@article{mau1999bayesian,
  title={Bayesian phylogenetic inference via Markov chain Monte Carlo methods},
  author={Mau, Bob and Newton, Michael A and Larget, Bret},
  journal={Biometrics},
  volume={55},
  number={1},
  pages={1--12},
  year={1999},
  publisher={Wiley Online Library}
}


@article{metropolis53,
  title={Equation of state calculations by fast computing machines},
  author={N Metropolis},
  journal={{J. Chem. Phys.}},
  volume={21},
  issue={6},
  pages={1087--1092},
  year={1953}
}


@article{hastings70,
  title={{Monte-Carlo} sampling methods using {Markov} chains and their applications},
  author={W Hastings},
  journal={Biometrika},
  volume={57},
  issue={1},
  pages={97--109},
  year={1970}
}  



% Reparameterising
@article{gelman2004parameterization,
  title={Parameterization and Bayesian modeling},
  author={Gelman, Andrew},
  journal={Journal of the American Statistical Association},
  volume={99},
  number={466},
  pages={537--545},
  year={2004},
  publisher={Taylor \& Francis}
}



% 0.234
@article{roberts1997weak,
  title={Weak convergence and optimal scaling of random walk Metropolis algorithms},
  author={Roberts, Gareth O and Gelman, Andrew and Gilks, Walter R and others},
  journal={The annals of applied probability},
  volume={7},
  number={1},
  pages={110--120},
  year={1997},
  publisher={Institute of Mathematical Statistics}
}


% Continuous change
@article{jow2002bayesian,
  title={Bayesian phylogenetics using an RNA substitution model applied to early mammalian evolution},
  author={Jow, H and Hudelot, C and Rattray, M and Higgs, PG},
  journal={Molecular Biology and Evolution},
  volume={19},
  number={9},
  pages={1591--1601},
  year={2002},
  publisher={Society for Molecular Biology and Evolution}
}


% Change distance or topology but avoid changing both at the same time
@article{lakner2008efficiency,
  title={Efficiency of Markov chain Monte Carlo tree proposals in Bayesian phylogenetics},
  author={Lakner, Clemens and Van Der Mark, Paul and Huelsenbeck, John P and Larget, Bret and Ronquist, Fredrik},
  journal={Systematic biology},
  volume={57},
  number={1},
  pages={86--103},
  year={2008},
  publisher={Taylor \& Francis}
}



% Rhat
@article{gelman1992inference,
  title={Inference from iterative simulation using multiple sequences},
  author={Gelman, Andrew and Rubin, Donald B and others},
  journal={Statistical science},
  volume={7},
  number={4},
  pages={457--472},
  year={1992},
  publisher={Institute of Mathematical Statistics}
}

% Tracer
@article{rambaut2018posterior,
  title={Posterior summarization in Bayesian phylogenetics using Tracer 1.7},
  author={Rambaut, Andrew and Drummond, Alexei J and Xie, Dong and Baele, Guy and Suchard, Marc A},
  journal={Systematic biology},
  volume={67},
  number={5},
  pages={901--904},
  year={2018},
  publisher={Oxford University Press}
}


@article{lanfear2016partitionfinder,
  title={PartitionFinder 2: new methods for selecting partitioned models of evolution for molecular and morphological phylogenetic analyses},
  author={Lanfear, Robert and Frandsen, Paul B and Wright, April M and Senfeld, Tereza and Calcott, Brett},
  journal={Molecular biology and evolution},
  volume={34},
  number={3},
  pages={772--773},
  year={2016},
  publisher={Oxford University Press}
}


% Fossils
@article{douzery2003local,
  title={Local molecular clocks in three nuclear genes: divergence times for rodents and other mammals and incompatibility among fossil calibrations},
  author={Douzery, Emmanuel JP and Delsuc, Fr{\'e}d{\'e}ric and Stanhope, Michael J and Huchon, Doroth{\'e}e},
  journal={Journal of Molecular Evolution},
  volume={57},
  number={1},
  pages={S201--S213},
  year={2003},
  publisher={Springer}
}


%CPP
@article{huelsenbeck2000compound,
  title={A compound Poisson process for relaxing the molecular clock},
  author={Huelsenbeck, John P and Larget, Bret and Swofford, David},
  journal={Genetics},
  volume={154},
  number={4},
  pages={1879--1892},
  year={2000},
  publisher={Genetics Soc America}
}


@article{felsenstein1981evolutionary,
  title={Evolutionary trees from DNA sequences: a maximum likelihood approach},
  author={Felsenstein, Joseph},
  journal={Journal of molecular evolution},
  volume={17},
  number={6},
  pages={368--376},
  year={1981},
  publisher={Springer}
}



@article{kuhner1995estimating,
  title={Estimating effective population size and mutation rate from sequence data using Metropolis-Hastings sampling.},
  author={Kuhner, Mary K and Yamato, Jon and Felsenstein, Joseph},
  journal={Genetics},
  volume={140},
  number={4},
  pages={1421--1430},
  year={1995},
  publisher={Genetics Soc America}
}


@article{ogilvie2017starbeast2,
  title={StarBEAST2 brings faster species tree inference and accurate estimates of substitution rates},
  author={Ogilvie, Huw A and Bouckaert, Remco R and Drummond, Alexei J},
  journal={Molecular biology and evolution},
  volume={34},
  number={8},
  pages={2101--2114},
  year={2017},
  publisher={Oxford University Press}
}



@incollection{zuckerkandl1965evolutionary,
  title={Evolutionary divergence and convergence in proteins},
  author={Zuckerkandl, Emile and Pauling, Linus},
  booktitle={Evolving genes and proteins},
  pages={97--166},
  year={1965},
  publisher={Elsevier}
}


@article{drummond2006relaxed,
  title={Relaxed phylogenetics and dating with confidence},
  author={Drummond, Alexei J and Ho, Simon YW and Phillips, Matthew J and Rambaut, Andrew},
  journal={PLoS biology},
  volume={4},
  number={5},
  pages={e88},
  year={2006},
  publisher={Public Library of Science}
}


% Relaxed clock example
@article{giovanetti2020first,
  title={The first two cases of 2019-nCoV in Italy: Where they come from?},
  author={Giovanetti, Marta and Benvenuto, Domenico and Angeletti, Silvia and Ciccozzi, Massimo},
  journal={Journal of medical virology},
  volume={92},
  number={5},
  pages={518--521},
  year={2020},
  publisher={Wiley Online Library}
}


% Coupled MCMC
@article{muller2019coupled,
  title={Coupled MCMC in Beast 2},
  author={M{\"u}ller, Nicola F and Bouckaert, Remco},
  journal={bioRxiv},
  year={2019},
  publisher={Cold Spring Harbor Laboratory}
}

@article{altekar2004parallel,
  title={Parallel metropolis coupled Markov chain Monte Carlo for Bayesian phylogenetic inference},
  author={Altekar, Gautam and Dwarkadas, Sandhya and Huelsenbeck, John P and Ronquist, Fredrik},
  journal={Bioinformatics},
  volume={20},
  number={3},
  pages={407--415},
  year={2004},
  publisher={Oxford University Press}
}



@article{roberts2007coupling,
  title={Coupling and ergodicity of adaptive Markov chain Monte Carlo algorithms},
  author={Roberts, Gareth O and Rosenthal, Jeffrey S},
  journal={Journal of applied probability},
  volume={44},
  number={2},
  pages={458--475},
  year={2007},
  publisher={Cambridge University Press}
}



% cat parameterisation criticisms
@article{rannala2007inferring,
  title={Inferring speciation times under an episodic molecular clock},
  author={Rannala, Bruce and Yang, Ziheng},
  journal={Systematic biology},
  volume={56},
  number={3},
  pages={453--466},
  year={2007},
  publisher={Oxford University Press}
}



% Bayesian model averaging
@article{fragoso2018bayesian,
  title={Bayesian model averaging: A systematic review and conceptual classification},
  author={Fragoso, Tiago M and Bertoli, Wesley and Louzada, Francisco},
  journal={International Statistical Review},
  volume={86},
  number={1},
  pages={1--28},
  year={2018},
  publisher={Wiley Online Library}
}


% A use of relaxed clock model
@article{faria2017establishment,
  title={Establishment and cryptic transmission of Zika virus in Brazil and the Americas},
  author={Faria, Nuno R and Quick, Josh and Claro, IM and Theze, Julien and de Jesus, Jacqueline G and Giovanetti, Marta and Kraemer, Moritz UG and Hill, Sarah C and Black, Allison and da Costa, Antonio C and others},
  journal={Nature},
  volume={546},
  number={7658},
  pages={406--410},
  year={2017},
  publisher={Nature Publishing Group}
}



% Path sampling
@article{lartillot2006computing,
  title={Computing Bayes factors using thermodynamic integration},
  author={Lartillot, Nicolas and Philippe, Herv{\'e}},
  journal={Systematic biology},
  volume={55},
  number={2},
  pages={195--207},
  year={2006},
  publisher={Oxford University Press}
}



% Stepping stones
@article{xie2011improving,
  title={Improving marginal likelihood estimation for Bayesian phylogenetic model selection},
  author={Xie, Wangang and Lewis, Paul O and Fan, Yu and Kuo, Lynn and Chen, Ming-Hui},
  journal={Systematic biology},
  volume={60},
  number={2},
  pages={150--160},
  year={2011},
  publisher={Oxford University Press}
}


%bmodeltest
@article{bouckaert2017bmodeltest,
  title={bModelTest: Bayesian phylogenetic site model averaging and model comparison},
  author={Bouckaert, Remco R and Drummond, Alexei J},
  journal={BMC evolutionary biology},
  volume={17},
  number={1},
  pages={42},
  year={2017},
  publisher={Springer}
}


% BMA in biochemistry
@article{douglas2020bayesian,
  title={Bayesian inference and comparison of stochastic transcription elongation models},
  author={Douglas, Jordan and Kingston, Richard and Drummond, Alexei J},
  journal={PLOS Computational Biology},
  volume={16},
  number={2},
  pages={e1006717},
  year={2020},
  publisher={Public Library of Science San Francisco, CA USA}
}



% BMA in geographical information systems
@article{barber2006modelling,
  title={Modelling map positional error to infer true feature location},
  author={Barber, Jarrett J and Gelfand, Alan E and Silander Jr, John A},
  journal={Canadian Journal of Statistics},
  volume={34},
  number={4},
  pages={659--676},
  year={2006},
  publisher={Wiley Online Library}
}



% BMA in astrophysics
@article{parkinson2013bayesian,
  title={Bayesian model averaging in astrophysics: a review},
  author={Parkinson, David and Liddle, Andrew R},
  journal={Statistical Analysis and Data Mining: The ASA Data Science Journal},
  volume={6},
  number={1},
  pages={3--14},
  year={2013},
  publisher={Wiley Online Library}
}



% An application of BMA to substitution models
@article{beier2004phylogenetic,
  title={Phylogenetic relationships and biogeography of the desert plant genus Fagonia (Zygophyllaceae), inferred by parsimony and Bayesian model averaging},
  author={Beier, B-A and Nylander, JAA and Chase, Mark W and Thulin, Mats},
  journal={Molecular phylogenetics and evolution},
  volume={33},
  number={1},
  pages={91--108},
  year={2004},
  publisher={Elsevier}
}



%jmodeltest
@article{posada2008jmodeltest,
  title={jModelTest: phylogenetic model averaging},
  author={Posada, David},
  journal={Molecular biology and evolution},
  volume={25},
  number={7},
  pages={1253--1256},
  year={2008},
  publisher={Oxford University Press}
}




% Clock model averaging
@article{li2012model,
  title={Model averaging and Bayes factor calculation of relaxed molecular clocks in Bayesian phylogenetics},
  author={Li, Wai Lok Sibon and Drummond, Alexei J},
  journal={Molecular biology and evolution},
  volume={29},
  number={2},
  pages={751--761},
  year={2012},
  publisher={Oxford University Press}
}


% Local clock example
@article{thorne1998estimating,
  title={Estimating the rate of evolution of the rate of molecular evolution.},
  author={Thorne, Jeffrey L and Kishino, Hirohisa and Painter, Ian S},
  journal={Molecular biology and evolution},
  volume={15},
  number={12},
  pages={1647--1657},
  year={1998}
}


% Comparison of clock models + a correlated clock
@article{lepage2007general,
  title={A general comparison of relaxed molecular clock models},
  author={Lepage, Thomas and Bryant, David and Philippe, Herv{\'e} and Lartillot, Nicolas},
  journal={Molecular biology and evolution},
  volume={24},
  number={12},
  pages={2669--2680},
  year={2007},
  publisher={Oxford University Press}
}




% Comparison of clock model averaging techniques
@article{baele2012accurate,
  title={Accurate model selection of relaxed molecular clocks in Bayesian phylogenetics},
  author={Baele, Guy and Li, Wai Lok Sibon and Drummond, Alexei J and Suchard, Marc A and Lemey, Philippe},
  journal={Molecular biology and evolution},
  volume={30},
  number={2},
  pages={239--243},
  year={2012},
  publisher={Society for Molecular Biology and Evolution}
}



% Replicative machinery
@article{loh2010optimization,
  title={Optimization of DNA polymerase mutation rates during bacterial evolution},
  author={Loh, Ern and Salk, Jesse J and Loeb, Lawrence A},
  journal={Proceedings of the National Academy of Sciences},
  volume={107},
  number={3},
  pages={1154--1159},
  year={2010},
  publisher={National Acad Sciences}
}


@article{ronquist2012mrbayes,
  title={MrBayes 3.2: efficient Bayesian phylogenetic inference and model choice across a large model space},
  author={Ronquist, Fredrik and Teslenko, Maxim and Van Der Mark, Paul and Ayres, Daniel L and Darling, Aaron and H{\"o}hna, Sebastian and Larget, Bret and Liu, Liang and Suchard, Marc A and Huelsenbeck, John P},
  journal={Systematic biology},
  volume={61},
  number={3},
  pages={539--542},
  year={2012},
  publisher={Oxford University Press}
}

@article{hohna2016revbayes,
  title={RevBayes: Bayesian phylogenetic inference using graphical models and an interactive model-specification language},
  author={H{\"o}hna, Sebastian and Landis, Michael J and Heath, Tracy A and Boussau, Bastien and Lartillot, Nicolas and Moore, Brian R and Huelsenbeck, John P and Ronquist, Fredrik},
  journal={Systematic biology},
  volume={65},
  number={4},
  pages={726--736},
  year={2016},
  publisher={Oxford University Press}
}



@article{bouckaert2019beast,
  title={BEAST 2.5: An advanced software platform for Bayesian evolutionary analysis},
  author={Bouckaert, Remco and Vaughan, Timothy G and Barido-Sottani, Joelle and Duch{\^e}ne, Sebasti{\'a}n and Fourment, Mathieu and Gavryushkina, Alexandra and Heled, Joseph and Jones, Graham and K{\"u}hnert, Denise and De Maio, Nicola and others},
  journal={PLoS computational biology},
  volume={15},
  number={4},
  pages={e1006650},
  year={2019},
  publisher={Public Library of Science}
}

@article{drummond2012bayesian,
  title={Bayesian phylogenetics with BEAUti and the BEAST 1.7},
  author={Drummond, Alexei J and Suchard, Marc A and Xie, Dong and Rambaut, Andrew},
  journal={Molecular biology and evolution},
  volume={29},
  number={8},
  pages={1969--1973},
  year={2012},
  publisher={Oxford University Press}
}






%LOCAL
@article{simon1998local,
  title={Bayesian analysis in molecular biology and evolution (BAMBE) http://www.mathcs.duq.edu/larget/bambe.html},
  url = {http://www.mathcs.duq.edu/larget/bambe.html},
  author={Simon, D and Larget, B },
  journal={Pittsburgh, Pennsylvania},
  publisher={Department of Mathematics and Computer Science, Duquesne University},
  year={1998}
}


@article{drummond2010bayesian,
  title={Bayesian random local clocks, or one rate to rule them all},
  author={Drummond, Alexei J and Suchard, Marc A},
  journal={BMC biology},
  volume={8},
  number={1},
  pages={1--12},
  year={2010},
  publisher={BioMed Central}
}




% Bactrian 1
@article{yang2013searching,
  title={Searching for efficient Markov chain Monte Carlo proposal kernels},
  author={Yang, Ziheng and Rodr{\'\i}guez, Carlos E},
  journal={Proceedings of the National Academy of Sciences},
  volume={110},
  number={48},
  pages={19307--19312},
  year={2013},
  publisher={National Acad Sciences}
}


% Bactrian 2 + Mirror
@article{thawornwattana2018designing,
  title={Designing simple and efficient Markov chain Monte Carlo proposal kernels},
  author={Thawornwattana, Yuttapong and Dalquen, Daniel and Yang, Ziheng and others},
  journal={Bayesian Analysis},
  volume={13},
  number={4},
  pages={1037--1063},
  year={2018},
  publisher={International Society for Bayesian Analysis}
}


% Slice sampling
@article{neal2003slice,
  title={Slice sampling},
  author={Neal, Radford M},
  journal={Annals of statistics},
  pages={705--741},
  year={2003},
  publisher={JSTOR}
}


% Langevin diffusion
@article{roberts1996exponential,
  title={Exponential convergence of Langevin distributions and their discrete approximations},
  author={Roberts, Gareth O and Tweedie, Richard L and others},
  journal={Bernoulli},
  volume={2},
  number={4},
  pages={341--363},
  year={1996},
  publisher={Bernoulli Society for Mathematical Statistics and Probability}
}

% Heavy tailed
@article{brewer2016dnest4,
  title={DNest4: Diffusive nested sampling in C++ and Python},
  author={Brewer, Brendon J and Foreman-Mackey, Daniel},
  journal={arXiv preprint arXiv:1606.03757},
  year={2016}
}





@article{lanfear2019Github,
  title={BenchmarkAlignments https://github.com/roblanf/BenchmarkAlignments},
  url = {https://github.com/roblanf/BenchmarkAlignments},
  author={Lanfear, Robert},
  journal={GitHub},
  year={2019}
}



%%%%%%%%%%%%%%
%% Datasets %%
%%%%%%%%%%%%%%


@article{Anderson_2013,
	doi = {10.1007/s10750-013-1599-1},
	url = {https://doi.org/10.1007%2Fs10750-013-1599-1},
	year = 2013,
	month = {jun},
	publisher = {Springer Science and Business Media {LLC}},
	volume = {725},
	number = {1},
	pages = {189--203},
	author = {Frank E. Anderson and Alexis Bergman and Samantha H. Cheng and M. Sabrina Pankey and Tooraj Valinassab},
	title = {Lights out: the evolution of bacterial bioluminescence in Loliginidae},
	journal = {Hydrobiologia}
}


@article{Bergsten_2013,
	doi = {10.1093/sysbio/syt029},
	url = {https://doi.org/10.1093%2Fsysbio%2Fsyt029},
	year = 2013,
	month = {jun},
	publisher = {Oxford University Press ({OUP})},
	volume = {62},
	number = {5},
	pages = {660--673},
	author = {Johannes Bergsten and Anders N. Nilsson and Fredrik Ronquist},
	title = {Bayesian Tests of Topology Hypotheses with an Example from Diving Beetles},
	journal = {Systematic Biology}
}


@article{Branstetter_2017,
	doi = {10.1016/j.cub.2017.03.027},
	url = {https://doi.org/10.1016%2Fj.cub.2017.03.027},
	year = 2017,
	month = {apr},
	publisher = {Elsevier {BV}},
	volume = {27},
	number = {7},
	pages = {1019--1025},
	author = {Michael G. Branstetter and Bryan N. Danforth and James P. Pitts and Brant C. Faircloth and Philip S. Ward and Matthew L. Buffington and Michael W. Gates and Robert R. Kula and Se{\'{a}}n G. Brady},
	title = {Phylogenomic Insights into the Evolution of Stinging Wasps and the Origins of Ants and Bees},
	journal = {Current Biology}
}


@article{Broughton_2013,
	doi = {10.1371/currents.tol.2ca8041495ffafd0c92756e75247483e},
	url = {https://doi.org/10.1371%2Fcurrents.tol.2ca8041495ffafd0c92756e75247483e},
	year = 2013,
	publisher = {Public Library of Science ({PLoS})},
	author = {Richard E. Broughton and Ricardo Betancur-R. and Chenhong Li and Gloria Arratia and Guillermo Ort{\'{\i}}},
	title = {Multi-locus phylogenetic analysis reveals the pattern and tempo of bony fish evolution},
	journal = {{PLoS} Currents}
}


@article{Brown_2012,
	doi = {10.1016/j.ympev.2012.02.019},
	url = {https://doi.org/10.1016%2Fj.ympev.2012.02.019},
	year = 2012,
	month = {jun},
	publisher = {Elsevier {BV}},
	volume = {63},
	number = {3},
	pages = {915--921},
	author = {Rafe M. Brown and Cameron D. Siler and Indraneil Das and Yong Min},
	title = {Testing the phylogenetic affinities of Southeast Asia's rarest geckos: Flap-legged geckos (Luperosaurus), Flying geckos (Ptychozoon) and their relationship to the pan-Asian genus Gekko},
	journal = {Molecular Phylogenetics and Evolution}
}


@article{Cannon_2016,
	doi = {10.1038/nature16520},
	url = {https://doi.org/10.1038%2Fnature16520},
	year = 2016,
	month = {feb},
	publisher = {Springer Science and Business Media {LLC}},
	volume = {530},
	number = {7588},
	pages = {89--93},
	author = {Johanna Taylor Cannon and Bruno Cossermelli Vellutini and Julian Smith and Fredrik Ronquist and Ulf Jondelius and Andreas Hejnol},
	title = {Xenacoelomorpha is the sister group to Nephrozoa},
	journal = {Nature}
}


@article{Cognato_2001,
	doi = {10.1080/106351501753462803},
	url = {https://doi.org/10.1080%2F106351501753462803},
	year = 2001,
	month = {nov},
	publisher = {Oxford University Press ({OUP})},
	volume = {50},
	number = {6},
	pages = {758--780},
	author = {Anthony I. Cognato and Alfried P. Vogler},
	editor = {A. Brower},
	title = {Exploring Data Interaction and Nucleotide Alignment in a Multiple Gene Analysis of Ips (Coleoptera: Scolytinae)},
	journal = {Systematic Biology}
}


@article{Crawford_2012,
	doi = {10.1098/rsbl.2012.0331},
	url = {https://doi.org/10.1098%2Frsbl.2012.0331},
	year = 2012,
	month = {may},
	publisher = {The Royal Society},
	volume = {8},
	number = {5},
	pages = {783--786},
	author = {Nicholas G. Crawford and Brant C. Faircloth and John E. McCormack and Robb T. Brumfield and Kevin Winker and Travis C. Glenn},
	title = {More than 1000 ultraconserved elements provide evidence that turtles are the sister group of archosaurs},
	journal = {Biology Letters}
}


@article{Day_2013,
	doi = {10.1093/sysbio/syt001},
	url = {https://doi.org/10.1093%2Fsysbio%2Fsyt001},
	year = 2013,
	month = {feb},
	publisher = {Oxford University Press ({OUP})},
	volume = {62},
	number = {3},
	pages = {351--365},
	author = {Julia J. Day and Claire R. Peart and Katherine J. Brown and John P. Friel and Roger Bills and Timo Moritz},
	title = {Continental Diversification of an African Catfish Radiation (Mochokidae: Synodontis)},
	journal = {Systematic Biology}
}


@article{Devitt_2013,
	doi = {10.1111/mec.12196},
	url = {https://doi.org/10.1111%2Fmec.12196},
	year = 2013,
	month = {feb},
	publisher = {Wiley},
	volume = {22},
	number = {6},
	pages = {1650--1665},
	author = {Thomas J. Devitt and Susan E. Cameron Devitt and Bradford D. Hollingsworth and Jimmy A. McGuire and Craig Moritz},
	title = {Montane refugia predict population genetic structure in the Large-blotched Ensatina salamander},
	journal = {Molecular Ecology}
}


@article{Dornburg_2012,
	doi = {10.1016/j.ympev.2012.07.020},
	url = {https://doi.org/10.1016%2Fj.ympev.2012.07.020},
	year = 2012,
	month = {nov},
	publisher = {Elsevier {BV}},
	volume = {65},
	number = {2},
	pages = {727--738},
	author = {Alex Dornburg and Jon A. Moore and Rachel Webster and Dan L. Warren and Matthew C. Brandley and Teresa L. Iglesias and Peter C. Wainwright and Thomas J. Near},
	title = {Molecular phylogenetics of squirrelfishes and soldierfishes (Teleostei: Beryciformes: Holocentridae): Reconciling more than 100 years of taxonomic confusion},
	journal = {Molecular Phylogenetics and Evolution}
}


@article{Faircloth_2013,
	doi = {10.1371/journal.pone.0065923},
	url = {https://doi.org/10.1371%2Fjournal.pone.0065923},
	year = 2013,
	month = {jun},
	publisher = {Public Library of Science ({PLoS})},
	volume = {8},
	number = {6},
	pages = {e65923},
	author = {Brant C. Faircloth and Laurie Sorenson and Francesco Santini and Michael E. Alfaro},
	editor = {Corrie S. Moreau},
	title = {A Phylogenomic Perspective on the Radiation of Ray-Finned Fishes Based upon Targeted Sequencing of Ultraconserved Elements ({UCEs})},
	journal = {{PLoS} {ONE}}
}


@article{Fong_2012,
	doi = {10.1371/journal.pone.0048990},
	url = {https://doi.org/10.1371%2Fjournal.pone.0048990},
	year = 2012,
	month = {nov},
	publisher = {Public Library of Science ({PLoS})},
	volume = {7},
	number = {11},
	pages = {e48990},
	author = {Jonathan J. Fong and Jeremy M. Brown and Matthew K. Fujita and Bastien Boussau},
	editor = {Andreas Hejnol},
	title = {A Phylogenomic Approach to Vertebrate Phylogeny Supports a Turtle-Archosaur Affinity and a Possible Paraphyletic Lissamphibia},
	journal = {{PLoS} {ONE}}
}


@article{Horn_2014,
	doi = {10.1111/evo.12534},
	url = {https://doi.org/10.1111%2Fevo.12534},
	year = 2014,
	month = {nov},
	publisher = {Wiley},
	volume = {68},
	number = {12},
	pages = {3485--3504},
	author = {James W. Horn and Zhenxiang Xi and Ricarda Riina and Jess A. Peirson and Ya Yang and Brian L. Dorsey and Paul E. Berry and Charles C. Davis and Kenneth J. Wurdack},
	title = {Evolutionary bursts {inEuphorbia}(Euphorbiaceae) are linked with photosynthetic pathway},
	journal = {Evolution}
}


@article{Kawahara_2013,
	doi = {10.1111/jeb.12176},
	url = {https://doi.org/10.1111%2Fjeb.12176},
	year = 2013,
	month = {jul},
	publisher = {Wiley},
	volume = {26},
	number = {8},
	pages = {1763--1773},
	author = {A. Y. Kawahara and D. Rubinoff},
	title = {Convergent evolution of morphology and habitat use in the explosive Hawaiian fancy case caterpillar radiation},
	journal = {Journal of Evolutionary Biology}
}


@article{Lartillot_2012,
	doi = {10.1111/j.1558-5646.2011.01558.x},
	url = {https://doi.org/10.1111%2Fj.1558-5646.2011.01558.x},
	year = 2012,
	month = {jan},
	publisher = {Wiley},
	volume = {66},
	number = {6},
	pages = {1773--1787},
	author = {Nicolas Lartillot and Fr{\'{e}}d{\'{e}}ric Delsuc},
	title = {{JOINT} {RECONSTRUCTION} {OF} {DIVERGENCE} {TIMES} {AND} {LIFE}-{HISTORY} {EVOLUTION} {IN} {PLACENTAL} {MAMMALS} {USING} A {PHYLOGENETIC} {COVARIANCE} {MODEL}},
	journal = {Evolution}
}


@article{Leache_2015,
	doi = {10.1093/gbe/evv026},
	url = {https://doi.org/10.1093%2Fgbe%2Fevv026},
	year = 2015,
	month = {feb},
	publisher = {Oxford University Press ({OUP})},
	volume = {7},
	number = {3},
	pages = {706--719},
	author = {Adam D. Leach{\'{e}} and Andreas S. Chavez and Leonard N. Jones and Jared A. Grummer and Andrew D. Gottscho and Charles W. Linkem},
	title = {Phylogenomics of Phrynosomatid Lizards: Conflicting Signals from Sequence Capture versus Restriction Site Associated {DNA} Sequencing},
	journal = {Genome Biology and Evolution}
}


@article{Looney_2016,
	doi = {10.1111/mec.13506},
	url = {https://doi.org/10.1111%2Fmec.13506},
	year = 2016,
	month = {jan},
	publisher = {Wiley},
	volume = {25},
	number = {2},
	pages = {630--647},
	author = {Brian P. Looney and Martin Ryberg and Felix Hampe and Marisol S{\'{a}}nchez-Garc{\'{\i}}a and P.~Brandon Matheny},
	title = {Into and out of the tropics: global diversification patterns in a hyperdiverse clade of ectomycorrhizal fungi},
	journal = {Molecular Ecology}
}


@article{McCormack_2013,
	doi = {10.1371/journal.pone.0054848},
	url = {https://doi.org/10.1371%2Fjournal.pone.0054848},
	year = 2013,
	month = {jan},
	publisher = {Public Library of Science ({PLoS})},
	volume = {8},
	number = {1},
	pages = {e54848},
	author = {John E. McCormack and Michael G. Harvey and Brant C. Faircloth and Nicholas G. Crawford and Travis C. Glenn and Robb T. Brumfield},
	editor = {Nadir Alvarez},
	title = {A Phylogeny of Birds Based on Over 1,500 Loci Collected by Target Enrichment and High-Throughput Sequencing},
	journal = {{PLoS} {ONE}}
}


@article{Meiklejohn_2016,
	doi = {10.1093/sysbio/syw014},
	url = {https://doi.org/10.1093%2Fsysbio%2Fsyw014},
	year = 2016,
	month = {feb},
	publisher = {Oxford University Press ({OUP})},
	volume = {65},
	number = {4},
	pages = {612--627},
	author = {Kelly A. Meiklejohn and Brant C. Faircloth and Travis C. Glenn and Rebecca T. Kimball and Edward L. Braun},
	title = {Analysis of a Rapid Evolutionary Radiation Using Ultraconserved Elements: Evidence for a Bias in Some Multispecies Coalescent Methods},
	journal = {Systematic Biology}
}


@article{Moyle_2016,
	doi = {10.1038/ncomms12709},
	url = {https://doi.org/10.1038%2Fncomms12709},
	year = 2016,
	month = {aug},
	publisher = {Springer Science and Business Media {LLC}},
	volume = {7},
	number = {1},
	author = {Robert G. Moyle and Carl H. Oliveros and Michael J. Andersen and Peter A. Hosner and Brett W. Benz and Joseph D. Manthey and Scott L. Travers and Rafe M. Brown and Brant C. Faircloth},
	title = {Tectonic collision and uplift of Wallacea triggered the global songbird radiation},
	journal = {Nature Communications}
}


@article{Murray_2013,
	doi = {10.1098/rspb.2013.0495},
	url = {https://doi.org/10.1098%2Frspb.2013.0495},
	year = 2013,
	month = {may},
	publisher = {The Royal Society},
	volume = {280},
	number = {1759},
	pages = {20130495},
	author = {Elizabeth A. Murray and Andrew E. Carmichael and John M. Heraty},
	title = {Ancient host shifts followed by host conservatism in a group of ant parasitoids},
	journal = {Proceedings of the Royal Society B: Biological Sciences}
}


@article{Near_2013,
	doi = {10.1073/pnas.1304661110},
	url = {https://doi.org/10.1073%2Fpnas.1304661110},
	year = 2013,
	month = {jul},
	publisher = {Proceedings of the National Academy of Sciences},
	volume = {110},
	number = {31},
	pages = {12738--12743},
	author = {T. J. Near and A. Dornburg and R. I. Eytan and B. P. Keck and W. L. Smith and K. L. Kuhn and J. A. Moore and S. A. Price and F. T. Burbrink and M. Friedman and P. C. Wainwright},
	title = {Phylogeny and tempo of diversification in the superradiation of spiny-rayed fishes},
	journal = {Proceedings of the National Academy of Sciences}
}


@article{Oaks_2011,
	doi = {10.1111/j.1558-5646.2011.01373.x},
	url = {https://doi.org/10.1111%2Fj.1558-5646.2011.01373.x},
	year = 2011,
	month = {jul},
	publisher = {Wiley},
	volume = {65},
	number = {11},
	pages = {3285--3297},
	author = {Jamie R. Oaks},
	title = {A {TIME}-{CALIBRATED} {SPECIES} {TREE} {OF} {CROCODYLIA} {REVEALS} A {RECENT} {RADIATION} {OF} {THE} {TRUE} {CROCODILES}},
	journal = {Evolution}
}


@article{Pyron_2011,
	doi = {10.1016/j.ympev.2011.06.012},
	url = {https://doi.org/10.1016%2Fj.ympev.2011.06.012},
	year = 2011,
	month = {nov},
	publisher = {Elsevier {BV}},
	volume = {61},
	number = {2},
	pages = {543--583},
	author = {R. Alexander Pyron and John J. Wiens},
	title = {A large-scale phylogeny of Amphibia including over 2800 species, and a revised classification of extant frogs, salamanders, and caecilians},
	journal = {Molecular Phylogenetics and Evolution}
}


@article{Ran_2018,
	doi = {10.1098/rspb.2018.1012},
	url = {https://doi.org/10.1098%2Frspb.2018.1012},
	year = 2018,
	month = {jun},
	publisher = {The Royal Society},
	volume = {285},
	number = {1881},
	pages = {20181012},
	author = {Jin-Hua Ran and Ting-Ting Shen and Ming-Ming Wang and Xiao-Quan Wang},
	title = {Phylogenomics resolves the deep phylogeny of seed plants and indicates partial convergent or homoplastic evolution between Gnetales and angiosperms},
	journal = {Proceedings of the Royal Society B: Biological Sciences}
}


@article{Reddy_2017,
	doi = {10.1093/sysbio/syx041},
	url = {https://doi.org/10.1093%2Fsysbio%2Fsyx041},
	year = 2017,
	month = {mar},
	publisher = {Oxford University Press ({OUP})},
	volume = {66},
	number = {5},
	pages = {857--879},
	author = {Sushma Reddy and Rebecca T. Kimball and Akanksha Pandey and Peter A. Hosner and Michael J. Braun and Shannon J. Hackett and Kin-Lan Han and John Harshman and Christopher J. Huddleston and Sarah Kingston and Ben D. Marks and Kathleen J. Miglia and William S. Moore and Frederick H. Sheldon and Christopher C. Witt and Tamaki Yuri and Edward L. Braun},
	title = {Why Do Phylogenomic Data Sets Yield Conflicting Trees? Data Type Influences the Avian Tree of Life more than Taxon Sampling},
	journal = {Systematic Biology}
}


@article{Richart_2016,
	doi = {10.1016/j.ympev.2015.11.010},
	url = {https://doi.org/10.1016%2Fj.ympev.2015.11.010},
	year = 2016,
	month = {feb},
	publisher = {Elsevier {BV}},
	volume = {95},
	pages = {171--182},
	author = {Casey H. Richart and Cheryl Y. Hayashi and Marshal Hedin},
	title = {Phylogenomic analyses resolve an ancient trichotomy at the base of Ischyropsalidoidea (Arachnida, Opiliones) despite high levels of gene tree conflict and unequal minority resolution frequencies},
	journal = {Molecular Phylogenetics and Evolution}
}


@article{RIGHTMYER_2013,
	doi = {10.1111/syen.12013},
	url = {https://doi.org/10.1111%2Fsyen.12013},
	year = 2013,
	month = {may},
	publisher = {Wiley},
	volume = {38},
	number = {3},
	pages = {561--576},
	author = {MOLLY G. RIGHTMYER and TERRY GRISWOLD and SE{\'{A}}N G. BRADY},
	title = {Phylogeny and systematics of the bee genus
		            Osmia
		            (
		            H
		            ymenoptera:
		            M
		            egachilidae) with emphasis on
		            N
		            orth
		            A
		            merican
		            Melanosmia
		            : subgenera, synonymies and nesting biology revisited},
	journal = {Systematic Entomology}
}


@article{Sauquet_2011,
	doi = {10.1093/sysbio/syr116},
	url = {https://doi.org/10.1093%2Fsysbio%2Fsyr116},
	year = 2011,
	month = {dec},
	publisher = {Oxford University Press ({OUP})},
	volume = {61},
	number = {2},
	pages = {289--313},
	author = {Herv{\'{e}} Sauquet and Simon Y. W. Ho and Maria A. Gandolfo and Gregory J. Jordan and Peter Wilf and David J. Cantrill and Michael J. Bayly and Lindell Bromham and Gillian K. Brown and Raymond J. Carpenter and Daphne M. Lee and Daniel J. Murphy and J. M. Kale Sniderman and Frank Udovicic},
	title = {Testing the Impact of Calibration on Molecular Divergence Times Using a Fossil-Rich Group: The Case of Nothofagus (Fagales)},
	journal = {Systematic Biology}
}
